Date,Sales
2014.01,2000
2014.02,2300
2014.03,2400
2014.04,2500
2014.05,2800
2014.06,3100
2014.07,2900
2014.08,3000
2014.09,3300
2014.10,3400
2014.11,3500
2014.12,3600
2015.01,3800
2015.02,4000
2015.03,4200
2015.04,4500
2015.05,4900
2015.06,5100
2015.07,5200
2015.08,5500
2015.09,5800
2015.10,5900
2015.11,6200
2015.12,6300
